@misc{c_a_r_orig,
  author = {Daniël Paulusma},
  title = {Clique-width and Graph Colouring for Hereditary Graph Classes},
  url = {https://www.youtube.com/watch?v=qO-IWNnuFYE},
  note = {https://www.youtube.com/watch?v=qO-IWNnuFYE},
}

@misc{c_s_r,
  author = {Jana Novotná},
  title = {Clique-width of Atoms and Coloring for Hereditary Graphs},
  url = {https://www.youtube.com/watch?v=iT9uIHE9-vw},
  note =  {https://www.youtube.com/watch?v=iT9uIHE9-vw},
}

@article{b_s_p,
  author = {Dan Cocks},
  title = {Minimal classes of graphs of unbounded tree-width and clique-width},
  journal = {Journal of Graph Theory},
  url = {https://grahameerskine.co.uk/OU/Slides/Cocks.pdf},
}

@article{h_p_a,
  author = {Konrad K. Dabrowski and Tomáš Masařík and Jana Novotná and Daniël Paulusma and Paweł Rzążewski},
  title = {Clique-Width: Harnessing the Power of Atoms},
  journal = {arXiv preprint},
  year = {2020},
  number = {arXiv:2006.03578},
  url = {https://arxiv.org/abs/2006.03578},
}
